@book{biocurtis,
	author = {Helena Curtis and N Sue Barnes and Adriana Schnek and Alicia Massarini},
	title = {Biología},
	date = {2008},
	edition = {7},
	publisher = {Editorial Médica Panamericana},
}
@book{merch,
	author = {Luis Felipe Jiménez and Horacio Merchant},
	title = {Biología celular y molecular},
	date = {2003},
	edition = {1},
	publisher = {Pearson Educación},
}
@book{alberts,
	author = {Bruce Alberts and Dennis Bray and Julian Lewis and Martin Raff and Keith Roberts and James D Watson},
	title = {Biología molecular de la célula},
	date = {2002},
	edition = {3},
	publisher = {Ediciones Omega},
}
@book{luque,
	author = {José {Luque Cabrera} and Ángel {Herráez Sánchez}},
	title = {Texto ilustrado de biología molecular e ingeniería genética},
	date = {2000},
	subtitle = {Conceptos, técnicas y aplicaciones en ciencias de la salud},
	edition = {1},
	publisher = {Elsevier Science España},
}
@book{feduchi,
	author = {Elena {Feduchi Canosa} and Isabel {Blasco Castiñeyra} and Carlos Santiago {Romero Magdalena} and Esther {Yáñez Conde}},
	title = {Bioquímica},
	date = {2014},
	subtitle = {Conceptos esenciales},
	edition = {1},
	publisher = {Editorial Médica Panamericana},
}
@book{smith,
	author = {Thomas M Smith and Robert Leo Smith},
	title = {Ecologia},
	date = {2007},
	edition = {6},
	publisher = {Pearson Educación},
}
@book{santos,
	author = {Fernando {Escaso Santos} and José Luis {Martínez Guitarte}},
	title = {Fundamentos básicos de fisiología vegetal y animal},
	date = {2010},
	edition = {1},
	publisher = {Pearson Educación},
}
@book{felder,
	author = {Richard M Felder and Ronald W Rousseau},
	title = {Principios elementales de los procesos químicos},
	date = {2004},
	edition = {3},
	publisher = {Limusa Wiley},
}
@book{smith-vanness,
	author = {J M Smith and H C {Van Ness} and M M Abbott},
	title = {Introducción a la termodinámica en ingeniería química},
	date = {2007},
	edition = {7},
	publisher = {McGraw-Hill Interamericana},
}
@book{castellan,
	author = {Gilbert W Castellan},
	title = {Fisicoquímica},
	date = {1987},
	edition = {2},
	publisher = {Addison Wesley Longman de México},
}
@book{tortora,
	author = {Gerard J Tortora and Berdell R Funke and Christine L Case},
	title = {Introducción a la microbiología},
	date = {2007},
	edition = {9},
	publisher = {Editorial Médica Panamericana},
}
@book{lisker,
	author = {Rubén Lisker and Patricia {Grether González} and Alejandro {Zentella Dehesa}},
	title = {Introducción a la genética humana},
	date = {2013},
	edition = {3},
	publisher = {El Manual Moderno},
}
@book{macfaddin,
	author = {Jean F MacFaddin},
	title = {Pruebas bioquímicas para la identificación de bacterias de importancia clínica},
	date = {2003},
	edition = {3},
	publisher = {Editorial Médica Panamericana},
}
@book{blocher,
	author = {Edward J Blocher and David E Stout and Gary Cokins and Kung H Chen},
	title = {Administración de costos },
	date = {2008},
	subtitle = {Un enfoque estratégico},
	edition = {4},
	publisher = {McGraw-Hill Interamericana},
}

@book{bravo,
	author = {Óscar Gómez Bravo},
	title = {Contabilidad de costos},
	date = {2005},
	edition = {5},
	publisher = {McGraw-Hill Interamericana},
}
@book{baca,
	author = {Gabriel {Baca Urbina}},
	title = {Evaluación de proyectos},
	date = {2010},
	edition = {6},
	publisher = {McGraw-Hill Interamericana},
}
@book{urbina,
	author = {Gabriel {Baca Urbina}},
	title = {Fundamentos de ingeniería económica},
	date = {2010},
	edition = {5},
	publisher = {McGraw-Hill Interamericana},
}
@book{robbins,
	author = {Allan H Robbins and Wilhelm C Miller},
	title = {Análisis de circuitos},
	date = {2008},
	subtitle = {Teoría y práctica},
	edition = {4},
	publisher = {Cengage Learning},
}
@book{hayt,
	author = { Hayt, Jr., William H and Jack E Kemmerly and Steven M Durbin},
	title = {Análisis de circuitos en ingeniería},
	date = {2012},
	edition = {8},
	publisher = {McGraw-Hill Interamericana},
}
@book{fraile,
	author = {Jesús {Fraile Mora}},
	title = {Circuitos eléctricos},
	date = {2012},
	edition = {1},
	publisher = {Pearson Educación},
}
@book{dorf,
	author = {Richard C Dorf and James A Svoboda},
	title = {Circuitos eléctricos},
	date = {2011},
	edition = {8},
	publisher = {Alfaomega},
}
@book{henley,
	author = {Ernest J Henley and Edward M Rosen},
	title = {Cálculos de balances de materia y energía},
	date = {1973},
	subtitle = {Métodos manuales y empleo de máquinas calculadoras},
	edition = {1},
	publisher = {Editorial Reverté},
}
@book{villaseñor,
	author = {Jorge Raúl {Villaseñor Gómez}},
	title = {Circuitos eléctricos y electrónicos},
	date = {2011},
	subtitle = {Fundamentos y técnicas para su análisis},
	edition = {1},
	publisher = {Pearson Educación},
}
@book{crane,
	author = {{División de ingeniería de Crane}},
	title = {Flujo de fluidos en valvulas, accesorios y tuberías},
	date = {1989},
	edition = {1},
	publisher = {McGraw-Hill},
}
@book{merle,
	author = {Merla C Potter and David C Wiggert and Bassem Ramadan},
	title = {Mécanica de fluidos},
	date = {2012},
	edition = {4},
	publisher = {Cengage Learning},
}
