@book{Leithold,
	author = {Leithold, Louis},
	title = {El Cálculo},
	date = {1998},
	edition = {Séptima},
	publisher = {Oxford University Press - Harla México},
	isbn = {970-613-182-5},
}
@book{Larson,
	author = {Larson, Ron and Edwars, B H},
	title = {Cálculo 1 de una Variable},
	date = {2010},
	edition = {Novena},
	publisher = {McGraw-Hill},
}

@book{Granville,
	author = {William Anthony Granville},
	title = {Cálculo Diferencial e Integral},
	date = {2009},
	edition = {Primera},
	publisher = {Limusa},
}

@article{Díaz,
	author = {Luis F Díaz},
	title = {La notación de Leibniz},
	journaltitle = {Revista de la Univerisidad Católica del Peru},
	date = {1940},
	url = {http://repositorio.pucp.edu.pe/index/handle/123456789/53365},
}

@book{spivak,
	author = {Michael Spivak},
	title = {Calculus},
	date = {2012},
	edition = {Tercera},
	publisher = {Editorial Reverté},
}

@book{piskunov,
	author = {Nikolai Piskunov},
	title = {Cálculo Diferencial e Integral},
	date = {1977},
	volume = {I},
	edition = {Tercera},
	publisher = {Editorial MIR},
}

@book{Baldor,
	author = {Aurelio Baldor},
	title = {Álgebra},
	date = {2008},
	edition = {Segunda},
	publisher = {Grupo Editorial Patria},
}

@book{handbook,
	author = {Ilja N Bronshtein and Konstantin A Semendyayev and Gerhard Musiol and Heiner Muehlig},
	title = {Handbook of Mathematics},
	date = {2007},
	edition = {Fifth},
	publisher = {Springer},
}

@book{pre1,
	author = {James Stewart and Lothar Redlin and Saleem Watson},
	title = {Precálculo. Matemáticas para el cálculo},
	date = {2012},
	edition = {Sexta},
	publisher = {Cengage Learning},
}

@book{swokowski,
	author = {Earl W Swokowski and Jeffery A Cole},
	title = {Álgebra y Trigonometría con Geometría Analítica},
	date = {2011},
	edition = {Treceava},
	publisher = {Cengage Learning},
}

@book{demana,
	author = {Franklin D Demana and Bert K Waits and Gregory D Foley and Daniel Kennedy},
	title = {Precálculo. Gráfico, numérico, algebraico.},
	date = {2007},
	edition = {Séptima},
	publisher = {Pearson Education},
}

@book{purcell,
	author = {Edwin J Purcell and Dale Varberg and Steven E Rigdon},
	title = {Cálculo Diferencial e Integral},
	date = {2007},
	edition = {Novena},
	publisher = {Pearson Education},
}
